@article{polyak:1992,
 author = {Polyak, B. T. and Juditski, A. B.},
 title = {Acceleration of Stochastic Approximation by Averaging},
 journal = {{SIAM} J. Control and Optimization},
 volume = {30},
 number = {4},
 year = {1992},
 pages = {838-855}
}

@article{nemirovski:2009,
 author = {Nemirovski, A. and Juditsky, A. and Lan, G. and Shapiro, A.},
 title = {Robust Stochastic Approximation Approach to Stochastic Programming},
 journal = {{SIAM} J. on Optimization},
 volume = {19},
 number = {4},
 year = {2009},
 pages = {1574--1609}
} 

@MISC{murata:1998,
    author = {Noboru Murata},
    title = {A Statistical Study of On-line Learning},
    year = {1998}
}

@inproceedings{bottou:2007,
  author    = {L{\'e}on Bottou and
               Olivier Bousquet},
  title     = {The Tradeoffs of Large Scale Learning},
  booktitle = {NIPS},
  year      = {2007},
  ee        = {http://books.nips.cc/papers/files/nips20/NIPS2007_0726.pdf},
  crossref  = {DBLP:conf/nips/2007},
  bibsource = {DBLP, http://dblp.uni-trier.de}
}

@proceedings{DBLP:conf/nips/2007,
  editor    = {John C. Platt and
               Daphne Koller and
               Yoram Singer and
               Sam T. Roweis},
  title     = {Advances in Neural Information Processing Systems 20, Proceedings
               of the Twenty-First Annual Conference on Neural Information
               Processing Systems, Vancouver, British Columbia, Canada,
               December 3-6, 2007},
  booktitle = {NIPS},
  publisher = {Curran Associates, Inc.},
  year      = {2008},
  bibsource = {DBLP, http://dblp.uni-trier.de}
}

@misc{bottoulecun:2004,
	author={L. Bottou and Y. Le Cun},
	title={On-line Learning for Very Large Datasets},
	year={2004}
}
